%% This BibTeX bibliography file was created using BibDesk.
%% https://bibdesk.sourceforge.io/

%% Created for Ayush Dixit at 2025-02-04 12:03:29 +0100 


%% Saved with string encoding Unicode (UTF-8) 


@string{acie = {Angew. Chem. Int. Ed.}}

@string{advmat = {Adv. Mat.}}

@string{afm = {Adv. Funct. Mater.}}

@string{ams = {Acta Mech. Sin.}}

@string{apl = {Appl. Phys. Lett.}}

@string{arfm = {Annu. Rev. Fluid Mech.}}

@string{bb = {Biotechnolo. Bioeng.}}

@string{bj = {Biophys. J.}}

@string{chemengj = {Chem. Eng. J.}}

@string{cossms = {Curr. Opin. Solid State Mater. Sci.}}

@string{crs = {Chem. Soc. Rev.}}

@string{epje = {Eur. Phys. J E}}

@string{epjst = {Eur. Phys. J. Spec. Top.}}

@string{epl = {Europhys.\ Lett.}}

@string{faraday = {Faraday Discuss.}}

@string{jafc = {J. Agric. Food. Chem.}}

@string{jchrnp = {J. Chem. Phys.}}

@string{jcp = {J. Comput. Phys.}}

@string{jcs = {J. Colloid Sci.}}

@string{jfm = {J. Fluid Mech.}}

@string{jgr = {J. Geophys. Res.}}

@string{jnnf = {J. Non-Newton. Fluid Mech.}}

@string{josj = {J. Oceanogr. Soc. Jpn.}}

@string{journalrheology = {J. Rheol.}}

@string{jvgr = {J. Volcanol. Geoth. Res.}}

@string{matcompt = {Math. Comput.}}

@string{natcom = {Nat. Commun.}}

@string{natphy = {Nat. Phys.}}

@string{pnas = {Proc.\ Natl.\ Acad.\ Sci.\ U.S.A.}}

@string{pof = {Phys.\ Fluids}}

@string{pra = {Phys. Rev. A}}

@string{pre = {Phys. Rev. E}}

@string{prf = {Phys. Rev. Fluids}}

@string{prl = {Phys. Rev. Lett.}}

@string{prslondona = {Proc. R. Soc. London, Ser. A}}

@string{rce = {Rev. Chem. Eng.}}

@string{rheoacta = {Rheol. Acta}}

@string{rmp = {Rev.\ Mod.\ Phys.}}

@string{rpp = {Rep. Prog. Phys.}}

@string{sciadv = {Sci. Adv.}}

@string{scirep = {Sci. Rep.}}

@string{sm = {Soft Matter}}


@article{scharfman2016visualization,
	author = {Scharfman, B. E. and Techet, A. H. and Bush, J. W. M. and Bourouiba, L.},
	date-added = {2025-02-04 11:10:12 +0100},
	date-modified = {2025-02-04 12:02:45 +0100},
	journal = {Exp. Fluids},
	number = {2},
	pages = {1--9},
	publisher = {Springer},
	title = {Visualization of sneeze ejecta: steps of fluid fragmentation leading to respiratory droplets},
	volume = {57},
	year = {2016}}

@article{sen2021retraction,
	author = {Sen, U. and Datt, C. and Segers, T. and Wijshoff, H. and Snoeijer, J. H. and Versluis, M. and Lohse, D.},
	date-added = {2025-02-04 11:08:21 +0100},
	date-modified = {2025-02-04 12:03:00 +0100},
	journal = {J. Fluid Mech.},
	pages = {A25},
	publisher = {Cambridge University Press},
	title = {The retraction of jetted slender viscoelastic liquid filaments},
	volume = {929},
	year = {2021}}

@article{liu2022contraction,
	author = {Liu, X. and Wagoner, B. W. and Basaran, O. A.},
	date-added = {2025-02-04 11:08:05 +0100},
	date-modified = {2025-02-04 12:03:24 +0100},
	journal = {Phys. Rev. Fluids},
	number = {12},
	pages = {L121601},
	publisher = {APS},
	title = {Contraction velocity of viscoelastic filaments},
	volume = {7},
	year = {2022}}

@article{anthony2019dynamics,
	author = {Anthony, C. R. and Kamat, P. M. and Harris, M. T. and Basaran, O. A.},
	date-added = {2025-02-04 11:07:16 +0100},
	date-modified = {2025-02-04 12:03:19 +0100},
	journal = {Phys. Rev. Fluids},
	number = {9},
	pages = {093601},
	publisher = {APS},
	title = {Dynamics of contracting filaments},
	volume = {4},
	year = {2019}}

@article{kant2023bag,
	author = {Kant, P. and Pairetti, C. and Saade, Y. and Popinet, S. and Zaleski, S. and Lohse, D.},
	date-added = {2025-02-04 11:06:19 +0100},
	date-modified = {2025-02-04 12:03:29 +0100},
	journal = {Phys. Rev. Fluids},
	number = {7},
	pages = {074802},
	publisher = {APS},
	title = {Bag-mediated film atomization in a cough machine},
	volume = {8},
	year = {2023}}

@article{dixit2024viscoelastic,
	author = {Dixit, A. K. and Oratis, A. and Zinelis, K. and Lohse, D. and Sanjay, V.},
	date-added = {2025-02-01 11:18:50 +0100},
	date-modified = {2025-02-01 12:18:51 +0100},
	journal = {arXiv preprint arXiv:2408.05089},
	title = {Viscoelastic Worthington jets$\backslash$\& droplets produced by bursting bubbles},
	year = {2024}}

@article{bourouiba2021fluid,
	author = {Bourouiba, L.},
	journal = arfm,
	pages = {473--508},
	publisher = {Annual Reviews},
	title = {The fluid dynamics of disease transmission},
	volume = {53},
	year = {2021}}
